@article{young1994state,
  title={State clustering in hidden Markov model-based continuous speech recognition},
  author={Young, Steve J and Woodland, Philip C},
  journal={Computer Speech \& Language},
  volume={8},
  number={4},
  pages={369--383},
  year={1994},
  publisher={Elsevier}
}

@inproceedings{toth2014convolutional,
  title={Convolutional Deep Maxout Networks for Phone Recognition},
  author={T{\'o}th, L{\'a}szl{\'o}},
  booktitle={Fifteenth Annual Conference of the International Speech Communication Association},
  year={2014}
}

@misc{ wiki:mel_scale,
   author = "Wikipedia",
   title = "Mel scale --- Wikipedia{,} The Free Encyclopedia",
   year = "2014",
   url = "http://en.wikipedia.org/w/index.php?title=Mel_scale&oldid=614860304",
   note = "[Online; accessed 22-September-2014]"
 }

@incollection{weston2012deep,
  title={Deep learning via semi-supervised embedding},
  author={Weston, Jason and Ratle, Fr{\'e}d{\'e}ric and Mobahi, Hossein and Collobert, Ronan},
  booktitle={Neural Networks: Tricks of the Trade},
  pages={639--655},
  year={2012},
  publisher={Springer}
}

@inproceedings{braun2013verifying,
  title={Verifying computations with state},
  author={Braun, Benjamin and Feldman, Ariel J and Ren, Zuocheng and Setty, Srinath and Blumberg, Andrew J and Walfish, Michael},
  booktitle={Proceedings of the Twenty-Fourth ACM Symposium on Operating Systems Principles},
  pages={341--357},
  year={2013},
  organization={ACM}
}

@article{pathak2013privacy,
  title={Privacy-preserving speaker verification and identification using Gaussian mixture models},
  author={Pathak, Manas A and Raj, Bhiksha},
  journal={Audio, Speech, and Language Processing, IEEE Transactions on},
  volume={21},
  number={2},
  pages={397--406},
  year={2013},
  publisher={IEEE}
}

@article{smaragdis2007framework,
  title={A framework for secure speech recognition},
  author={Smaragdis, Paris and Shashanka, Madhusudana},
  journal={Audio, Speech, and Language Processing, IEEE Transactions on},
  volume={15},
  number={4},
  pages={1404--1413},
  year={2007},
  publisher={IEEE}
}

@inproceedings{pathak2011privacy,
  title={Privacy preserving probabilistic inference with hidden Markov models},
  author={Pathak, Manas and Rane, Shantanu and Sun, Wei and Raj, Bhiksha},
  booktitle={Acoustics, Speech and Signal Processing (ICASSP), 2011 IEEE International Conference on},
  pages={5868--5871},
  year={2011},
  organization={IEEE}
}

@inproceedings{toth2013phone,
  title={Phone recognition with deep sparse rectifier neural networks},
  author={T{\'o}th, L{\'a}szl{\'o}},
  booktitle={Acoustics, Speech and Signal Processing (ICASSP), 2013 IEEE International Conference on},
  pages={6985--6989},
  year={2013},
  organization={IEEE}
}

@inproceedings{toth2014combining,
  title={Combining time-and frequency-domain convolution in convolutional neural network-based phone recognition},
  author={T{\'o}th, L{\'a}szl{\'o}},
  booktitle={Acoustics, Speech and Signal Processing (ICASSP), 2014 IEEE International Conference on},
  year={2014},
  organization={IEEE}
}

@article{choromanska2014logarithmic,
  title={Logarithmic time online multiclass prediction},
  author={Choromanska, Anna and Langford, John},
  journal={arXiv preprint arXiv:1406.1822},
  year={2014}
}

@inproceedings{choromanska2013extreme,
  title={Extreme Multi Class Classification},
  author={Choromanska, Anna and Agarwal, Alekh and Langford, John},
  booktitle={NIPS Workshop: eXtreme Classification, submitted},
  year={2013}
}

@inproceedings{kim2013fingerspelling,
  title={Fingerspelling recognition with semi-Markov conditional random fields},
  author={Kim, Taehwan and Shakhnarovich, Greg and Livescu, Karen},
  booktitle={Computer Vision (ICCV), 2013 IEEE International Conference on},
  pages={1521--1528},
  year={2013},
  organization={IEEE}
}

@article{verykios2004state,
  title={State-of-the-art in privacy preserving data mining},
  author={Verykios, Vassilios S and Bertino, Elisa and Fovino, Igor Nai and Provenza, Loredana Parasiliti and Saygin, Yucel and Theodoridis, Yannis},
  journal={ACM Sigmod Record},
  volume={33},
  number={1},
  pages={50--57},
  year={2004},
  publisher={ACM}
}

@book{frederick1997statistical,
  title={Statistical methods for speech recognition},
  author={Frederick Jelinek},
  year={1997},
  publisher={MIT press}
}

@inproceedings{jansen2012indexing,
  title={Indexing Raw Acoustic Features for Scalable Zero Resource Search},
  author={Jansen, Aren and Durme, Benjamin Van},
  booktitle={Thirteenth Annual Conference of the International Speech Communication Association},
  year={2012}
}

@inproceedings{saraclar2004lattice,
  title={Lattice-Based Search For Spoken Utterance Retrieval},
  author={Saraclar, Murat and Sproat, Richard W},
  booktitle={HLT-NAACL},
  year={2004}
}

@article{mohri2002weighted,
  title={Weighted finite-state transducers in speech recognition},
  author={Mohri, Mehryar and Pereira, Fernando and Riley, Michael},
  journal={Computer Speech \& Language},
  volume={16},
  number={1},
  pages={69--88},
  year={2002},
  publisher={Elsevier}
}

@article{chia2010statistical,
  title={Statistical lattice-based spoken document retrieval},
  author={Chia, Tee Kiah and Sim, Khe Chai and Li, Haizhou and Ng, Hwee Tou},
  journal={ACM Transactions on Information Systems (TOIS)},
  volume={28},
  number={1},
  pages={2},
  year={2010},
  publisher={ACM}
}

@inproceedings{james1994fast,
  title={A fast lattice-based approach to vocabulary independent wordspotting},
  author={James, David A and Young, Steve J},
  booktitle={Acoustics, Speech, and Signal Processing, 1994. ICASSP-94., 1994 IEEE International Conference on},
  volume={1},
  pages={I--377},
  year={1994},
  organization={IEEE}
}

@inproceedings{jansen2013summary,
  title={A summary of the 2012 JHU CLSP workshop on zero resource speech technologies and models of early language acquisition.},
  author={Jansen, Aren and Dupoux, Emmanuel and Goldwater, Sharon and Johnson, Mark and Khudanpur, Sanjeev and Church, Kenneth and Feldman, Naomi and Hermansky, Hynek and Metze, Florian and Rose, Richard C and others},
  booktitle={ICASSP},
  pages={8111--8115},
  year={2013}
}

@inproceedings{jansen2013weak,
  title={Weak top-down constraints for unsupervised acoustic model training},
  author={Jansen, Aren and Thomas, Samuel and Hermansky, Hynek},
  booktitle={Acoustics, Speech and Signal Processing (ICASSP), 2013 IEEE International Conference on},
  pages={8091--8095},
  year={2013},
  organization={IEEE}
}

@inproceedings{walter2013hierarchical,
  title={A hierarchical system for word discovery exploiting DTW-based initialization},
  author={Walter, Oliver and Korthals, Timo and Haeb-Umbach, Reinhold and Raj, Bhiksha},
  booktitle={Automatic Speech Recognition and Understanding (ASRU), 2013 IEEE Workshop on},
  pages={386--391},
  year={2013},
  organization={IEEE}
}

@inproceedings{yang2014intrinsic,
  title={Intrinsic Spectral Analysis Based on Temporal Context Features for Query-by-Example Spoken Term Detection},
  author={Yang, Peng and Leung, Cheung-Chi and Xie, Lei and Ma, Bin and Li, Haizhou},
  booktitle={Fifteenth Annual Conference of the International Speech Communication Association (Interspeech)},
  year={2014}
}

@inproceedings{anguera2014query,
  title={Query-by-Example Spoken Term Detection on Multilingual Unconstrained Speech},
  author={Anguera, Xavier and Rodriguez-Fuentes, Luis J and Sz{\"o}ke, Igor and Buzo, Andi and Metze, Florian and Penagarikano, Mikel},
  booktitle={Fifteenth Annual Conference of the International Speech Communication Association},
  year={2014}
}

@inproceedings{george2014unsupervised,
  title={Unsupervised query-by-example spoken term detection using segment-based Bag of Acoustic Words},
  author={George, Basil and Yegnanarayana, B},
  booktitle={Acoustics, Speech and Signal Processing (ICASSP), 2014 IEEE International Conference on},
  pages={7133--7137},
  year={2014},
  organization={IEEE}
}

@inproceedings{chung2014unsupervised,
  title={Unsupervised spoken term detection with spoken queries by multi-level acoustic patterns with varying model granularity},
  author={Chung, Cheng-Tao and Chan, Chun-an and Lee, Lin-shan},
  booktitle={Acoustics, Speech and Signal Processing (ICASSP), 2014 IEEE International Conference on},
  pages={7814--7818},
  year={2014},
  organization={IEEE}
}

@inproceedings{aoyama2014zero,
  title={Zero-resource spoken term detection using hierarchical graph-based similarity search},
  author={Aoyama, Kazuo and Ogawa, Atsunori and Hattori, Takashi and Hori, Takaaki and Nakamura, Atsushi},
  booktitle={Acoustics, Speech and Signal Processing (ICASSP), 2014 IEEE International Conference on},
  pages={7093--7097},
  year={2014},
  organization={IEEE}
}

@inproceedings{chung2013unsupervised,
  title={Unsupervised discovery of linguistic structure including two-level acoustic patterns using three cascaded stages of iterative optimization},
  author={Chung, Cheng-Tao and Chan, Chun-an and Lee, Lin-shan},
  booktitle={Acoustics, Speech and Signal Processing (ICASSP), 2013 IEEE International Conference on},
  pages={8081--8085},
  year={2013},
  organization={IEEE}
}

@inproceedings{chan2013toward,
  title={Toward unsupervised model-based spoken term detection with spoken queries without annotated data},
  author={Chan, Chun-an and Chung, Cheng-Tao and Kuo, Yu-Hsin and Lee, Lin-shan},
  booktitle={Acoustics, Speech and Signal Processing (ICASSP), 2013 IEEE International Conference on},
  pages={8550--8554},
  year={2013},
  organization={IEEE}
}

@article{chan2013model,
  title={Model-based unsupervised spoken term detection with spoken queries},
  author={Chan, Chun-an and Lee, Lin-shan},
  journal={Audio, Speech, and Language Processing, IEEE Transactions on},
  volume={21},
  number={7},
  pages={1330--1342},
  year={2013},
  publisher={IEEE}
}



@inproceedings{norouzian2013zero,
  title={Zero resource graph-based confidence estimation for open vocabulary spoken term detection},
  author={Norouzian, Atta and Rose, Richard and Ghalehjegh, Sina Hamidi and Jansen, Aren},
  booktitle={Acoustics, Speech and Signal Processing (ICASSP), 2013 IEEE International Conference on},
  pages={8292--8296},
  year={2013},
  organization={IEEE}
}

@article{can2011lattice,
  title={Lattice indexing for spoken term detection},
  author={Can, Dogan and Saraclar, Murat},
  journal={Audio, Speech, and Language Processing, IEEE Transactions on},
  volume={19},
  number={8},
  pages={2338--2347},
  year={2011},
  publisher={IEEE}
}

@phdthesis{lee2014discovering,
  title={Discovering Linguistic Structures in Speech: Models and Applications},
  author={Lee, Chia-ying Jackie},
  year={2014},
  school={Massachusetts Institute of Technology}
}

@inproceedings{speech_cogsci2014,
  title={One-shot Learning of Generative Speech Concepts},
  author={Brenden Lake*, Chia-ying Lee*, James Glass, Joshua Tenenbaum},
  booktitle={Proceedings of the 36th Annual Meeting of the Cognitive Science Soceity},
  year={2014},
}


@inproceedings{lee2012nonparametric,
  title={A nonparametric Bayesian approach to acoustic model discovery},
  author={Lee, Chia-ying and Glass, James},
  booktitle={Proceedings of the 50th Annual Meeting of the Association for Computational Linguistics: Long Papers-Volume 1},
  pages={40--49},
  year={2012},
  organization={Association for Computational Linguistics}
}

@article{salakhutdinov2013learning,
  title={Learning with hierarchical-deep models},
  author={Salakhutdinov, Ruslan and Tenenbaum, Joshua B and Torralba, Antonio},
  journal={Pattern Analysis and Machine Intelligence, IEEE Transactions on},
  volume={35},
  number={8},
  pages={1958--1971},
  year={2013},
  publisher={IEEE}
}

@inproceedings{cho2013gaussian,
  title={Gaussian-bernoulli deep boltzmann machine},
  author={Cho, Kyung Hyun and Raiko, Tapani and Ilin, Alexander},
  booktitle={Neural Networks (IJCNN), The 2013 International Joint Conference on},
  pages={1--7},
  year={2013},
  organization={IEEE}
}

@inproceedings{salakhutdinov2009deep,
  title={Deep boltzmann machines},
  author={Salakhutdinov, Ruslan and Hinton, Geoffrey E},
  booktitle={International Conference on Artificial Intelligence and Statistics},
  pages={448--455},
  year={2009}
}

@article{eslami2014shape,
  title={The shape boltzmann machine: a strong model of object shape},
  author={Eslami, SM Ali and Heess, Nicolas and Williams, Christopher KI and Winn, John},
  journal={International Journal of Computer Vision},
  volume={107},
  number={2},
  pages={155--176},
  year={2014},
  publisher={Springer}
}

@inproceedings{eslami2012generative,
  title={A generative model for parts-based object segmentation},
  author={Eslami, S and Williams, Christopher},
  booktitle={Advances in Neural Information Processing Systems},
  pages={100--107},
  year={2012}
}

@article{yau2011bayesian,
  title={Bayesian non-parametric hidden Markov models with applications in genomics},
  author={Yau, C and Papaspiliopoulos, Omiros and Roberts, Gareth O and Holmes, Christopher},
  journal={Journal of the Royal Statistical Society: Series B (Statistical Methodology)},
  volume={73},
  number={1},
  pages={37--57},
  year={2011},
  publisher={Wiley Online Library}
}

@article{walker2007sampling,
  title={Sampling the Dirichlet mixture model with slices},
  author={Walker, Stephen G},
  journal={Communications in Statistics—Simulation and Computation{\textregistered}},
  volume={36},
  number={1},
  pages={45--54},
  year={2007},
  publisher={Taylor \& Francis}
}


@article{orbanz2012lecture,
  title={Lecture Notes on Bayesian Nonparametrics},
  author={Orbanz, Peter and Orbanz, P},
  journal={Journal of Mathematical Psychology},
  volume={56},
  pages={1--12},
  year={2012}
}

@article{felzenszwalb2004efficient,
  title={Efficient graph-based image segmentation},
  author={Felzenszwalb, Pedro F and Huttenlocher, Daniel P},
  journal={International Journal of Computer Vision},
  volume={59},
  number={2},
  pages={167--181},
  year={2004},
  publisher={Springer}
}

@inproceedings{fanti2014toward,
  title={Toward efficient, privacy-aware media classification on public databases},
  author={Fanti, Giulia and Finiasz, Matthieu and Friedland, Gerald and Ramchandran, Kannan},
  booktitle={Proceedings of International Conference on Multimedia Retrieval},
  pages={49},
  year={2014},
  organization={ACM}
}

@article{wang2014towards,
  title={Towards practical private processing of database queries over public data},
  author={Wang, Shiyuan and Agrawal, Divyakant and El Abbadi, Amr},
  journal={Distributed and Parallel Databases},
  volume={32},
  number={1},
  pages={65--89},
  year={2014},
  publisher={Springer}
}

@inproceedings{kushilevitz1997replication,
  title={Replication is not needed: Single database, computationally-private information retrieval},
  author={Kushilevitz, Eyal and Ostrovsky, Rafail},
  booktitle={2013 IEEE 54th Annual Symposium on Foundations of Computer Science},
  pages={364--364},
  year={1997},
  organization={IEEE Computer Society}
}

@inproceedings{melchor2008fast,
  title={A fast private information retrieval protocol},
  author={Melchor, Carlos Aguilar and Gaborit, Philippe},
  booktitle={Information Theory, 2008. ISIT 2008. IEEE International Symposium on},
  pages={1848--1852},
  year={2008},
  organization={IEEE}
}

@inproceedings{murugesan2009providing,
  title={Providing Privacy through Plausibly Deniable Search.},
  author={Murugesan, Mummoorthy and Clifton, Chris},
  organization={SIAM}
}

@inproceedings{paillier1999public,
  title={Public-key cryptosystems based on composite degree residuosity classes},
  author={Paillier, Pascal},
  booktitle={Advances in cryptology—EUROCRYPT’99},
  pages={223--238},
  year={1999},
  organization={Springer}
}

@article{luekssublinear,
  title={Sublinear Scaling for Multi-Client Private Information Retrieval},
  author={Lueks, Wouter and Goldberg, Ian}
}

@inproceedings{wong2009secure,
  title={Secure kNN computation on encrypted databases},
  author={Wong, Wai Kit and Cheung, David Wai-lok and Kao, Ben and Mamoulis, Nikos},
  booktitle={Proceedings of the 2009 ACM SIGMOD International Conference on Management of data},
  pages={139--152},
  year={2009},
  organization={ACM}
}
@inproceedings{du2001privacy,
  title={Privacy-preserving cooperative statistical analysis},
  author={Du, Wenliang and Atallah, Mikhail J},
  booktitle={Computer Security Applications Conference, 2001. ACSAC 2001. Proceedings 17th Annual},
  pages={102--110},
  year={2001},
  organization={IEEE}
}

@inproceedings{qi2008efficient,
  title={Efficient privacy-preserving k-nearest neighbor search},
  author={Qi, Yinian and Atallah, Mikhail J},
  booktitle={Distributed Computing Systems, 2008. ICDCS'08. The 28th International Conference on},
  pages={311--319},
  year={2008},
  organization={IEEE}
}

@inproceedings{zhang2012resource,
  title={Resource configurable spoken query detection using deep Boltzmann machines},
  author={Zhang, Yaodong and Salakhutdinov, Ruslan and Chang, Hung-An and Glass, James},
  booktitle={Acoustics, Speech and Signal Processing (ICASSP), 2012 IEEE International Conference on},
  pages={5161--5164},
  year={2012},
  organization={IEEE}
}



@inproceedings{li2013towards,
  title={Towards unsupervised semantic retrieval of spoken content with query expansion based on automatically discovered acoustic patterns},
  author={Li, Yun-Chiao and Lee, Hung-yi and Chung, Cheng-Tao and Chan, Chun-an and Lee, Lin-shan},
  booktitle={Automatic Speech Recognition and Understanding (ASRU), 2013 IEEE Workshop on},
  pages={198--203},
  year={2013},
  organization={IEEE}
}

@article{goldwater2009bayesian,
  title={A Bayesian framework for word segmentation: Exploring the effects of context},
  author={Goldwater, Sharon and Griffiths, Thomas L and Johnson, Mark},
  journal={Cognition},
  volume={112},
  number={1},
  pages={21--54},
  year={2009},
  publisher={Elsevier}
}

@article{goodfellow2013joint,
  title={Joint Training Deep Boltzmann Machines for Classification},
  author={Goodfellow, Ian J and Courville, Aaron and Bengio, Yoshua},
  journal={arXiv preprint arXiv:1301.3568},
  year={2013}
}

@phdthesis{zhang2013unsupervised,
  title={Unsupervised speech processing with applications to query-by-example spoken term detection},
  author={Zhang, Yaodong},
  year={2013},
  school={Massachusetts Institute of Technology}
}
@article{sakoe1978dynamic,
  title={Dynamic programming algorithm optimization for spoken word recognition},
  author={Sakoe, Hiroaki and Chiba, Seibi},
  journal={Acoustics, Speech and Signal Processing, IEEE Transactions on},
  volume={26},
  number={1},
  pages={43--49},
  year={1978},
  publisher={IEEE}
}

@inproceedings{metze2013spoken,
  title={The spoken web search task at MediaEval 2012},
  author={Metze, Florian and Anguera, Xavier and Barnard, Etienne and Davel, Marelie and Gravier, Guillaume},
  booktitle={Acoustics, Speech and Signal Processing (ICASSP), 2013 IEEE International Conference on},
  pages={8121--8125},
  year={2013},
  organization={IEEE}
}

@inproceedings{levin2013fixed,
  title={Fixed-dimensional acoustic embeddings of variable-length segments in low-resource settings},
  author={Levin, Keith and Henry, Katharine and Jansen, Aren and Livescu, Karen},
  booktitle={Automatic Speech Recognition and Understanding (ASRU), 2013 IEEE Workshop on},
  pages={410--415},
  year={2013},
  organization={IEEE}
}

@inproceedings{zhang2012fast,
  title={Fast spoken query detection using lower-bound dynamic time warping on graphical processing units},
  author={Zhang, Yaodong and Adl, Kiarash and Glass, James},
  booktitle={Acoustics, Speech and Signal Processing (ICASSP), 2012 IEEE International Conference on},
  pages={5173--5176},
  year={2012},
  organization={IEEE}
}

@ARTICLE{pylearn2_arxiv_2013,
    author = {Goodfellow, Ian J. and Warde-Farley, David and Lamblin, Pascal and Dumoulin, Vincent and Mirza, Mehdi and Pascanu, Razvan and Bergstra, James and Bastien, Fr{\'{e}}d{\'{e}}ric and Bengio, Yoshua},
     title = {Pylearn2: a machine learning research library},
   journal = {arXiv preprint arXiv:1308.4214},
      year = {2013},
       url = {http://arxiv.org/abs/1308.4214},
  abstract = {Pylearn2 is a machine learning research library. This does not just mean that it is a collection of machine learning algorithms that share a common API; it means that it has been designed for flexibility and extensibility in order to facilitate research projects that involve new or unusual use cases. In this paper we give a brief history of the library, an overview of its basic philosophy, a summary of the library's architecture, and a description of how the Pylearn2 community functions socially.}
}


@INPROCEEDINGS{bergstra+al:2010-scipy,
     author = {Bergstra, James and Breuleux, Olivier and Bastien, Fr{\'{e}}d{\'{e}}ric and Lamblin, Pascal and Pascanu, Razvan and Desjardins, Guillaume and Turian, Joseph and Warde-Farley, David and Bengio, Yoshua},
      month = jun,
      title = {Theano: a {CPU} and {GPU} Math Expression Compiler},
  booktitle = {Proceedings of the Python for Scientific Computing Conference ({SciPy})},
       year = {2010},
   location = {Austin, TX},
       note = {Oral Presentation},
   abstract = {Theano is a compiler for mathematical expressions in Python that combines the convenience of NumPyâ€™s syntax with the speed of optimized native machine language. The user composes mathematical expressions in a high-level description that mimics NumPyâ€™s syntax and semantics, while being statically typed and
functional (as opposed to imperative). These expressions allow Theano to provide symbolic differentiation. Before performing computation, Theano optimizes the choice of expressions, translates
them into C++ (or CUDA for GPU), compiles them into dynamically loaded Python modules, all automatically. Common machine learning algorithms implemented with Theano are from 1.6Ã— to 7.5Ã— faster than competitive alternatives (including those implemented with C/C++, NumPy/SciPy and MATLAB) when compiled for the
CPU and between 6.5Ã— and 44Ã— faster when compiled for the GPU. This paper illustrates how to use Theano, outlines the scope of the compiler, provides benchmarks on both CPU and GPU processors, and explains its overall design.}
}

@inproceedings{zhang2009unsupervised,
  title={Unsupervised spoken keyword spotting via segmental DTW on Gaussian posteriorgrams},
  author={Zhang, Yaodong and Glass, James R},
  booktitle={Automatic Speech Recognition \& Understanding, 2009. ASRU 2009. IEEE Workshop on},
  pages={398--403},
  year={2009},
  organization={IEEE}
}

@inproceedings{hazen2009query,
  title={Query-by-example spoken term detection using phonetic posteriorgram templates},
  author={Hazen, Timothy J and Shen, Wade and White, Christopher},
  booktitle={Automatic Speech Recognition \& Understanding, 2009. ASRU 2009. IEEE Workshop on},
  pages={421--426},
  year={2009},
  organization={IEEE}
}
@article{hinton2010practical,
  title={A practical guide to training restricted Boltzmann machines},
  author={Hinton, Geoffrey},
  journal={Momentum},
  volume={9},
  number={1},
  pages={926},
  year={2010}
}

@article{bengio2013representation,
  title={Representation learning: A review and new perspectives},
  author={Bengio, Yoshua and Courville, Aaron and Vincent, Pascal},
  journal={Pattern Analysis and Machine Intelligence, IEEE Transactions on},
  volume={35},
  number={8},
  pages={1798--1828},
  year={2013},
  publisher={IEEE}
}
@inproceedings{anguera2013spoken,
  title={The Spoken Web Search Task.},
  author={Anguera, Xavier and Metze, Florian and Buzo, Andi and Sz{\"o}ke, Igor and Rodriguez-Fuentes, Luis Javier},
  booktitle={MediaEval},
  year={2013}
}

@ARTICLE{weng2014privacy,
author={Weng, L. and Amsaleg, L. and Morton, A. and Marchand-Maillet, S.},
journal={Information Forensics and Security, IEEE Transactions on},
title={A Privacy-Preserving Framework for Large-Scale Content-Based Information Retrieval},
year={2014},
month={},
volume={PP},
number={99},
pages={1-1},
keywords={Data privacy;Indexes;Multimedia communication;Privacy;Robustness;Servers;content-based retrieval;data privacy;image hashing;indexing;multimedia database},
doi={10.1109/TIFS.2014.2365998},
ISSN={1556-6013},}

@article{fanti2013one,
  title={One-way private media search on public databases: The role of signal processing},
  author={Fanti, Giulia and Finiasz, Matthieu and Ramchandran, Kannan},
  journal={Signal Processing Magazine, IEEE},
  volume={30},
  number={2},
  pages={53--61},
  year={2013},
  publisher={IEEE}
}

@article{chor1998private,
  title={Private information retrieval},
  author={Chor, Benny and Kushilevitz, Eyal and Goldreich, Oded and Sudan, Madhu},
  journal={Journal of the ACM (JACM)},
  volume={45},
  number={6},
  pages={965--981},
  year={1998},
  publisher={ACM}
}

@inproceedings{goodfellow2013multi,
  title={Multi-prediction deep Boltzmann machines},
  author={Goodfellow, Ian and Mirza, Mehdi and Courville, Aaron and Bengio, Yoshua},
  booktitle={Advances in Neural Information Processing Systems},
  pages={548--556},
  year={2013}
}

@article{mikolov2013efficient,
  title={Efficient estimation of word representations in vector space},
  author={Mikolov, Tomas and Chen, Kai and Corrado, Greg and Dean, Jeffrey},
  journal={arXiv preprint arXiv:1301.3781},
  year={2013}
}

@article{cho2014learning,
  title={Learning Phrase Representations using RNN Encoder-Decoder for Statistical Machine Translation},
  author={Cho, Kyunghyun and van Merrienboer, Bart and Gulcehre, Caglar and Bougares, Fethi and Schwenk, Holger and Bengio, Yoshua},
  journal={arXiv preprint arXiv:1406.1078},
  year={2014}
}

@inproceedings{gonzalez2014automatic,
  title={Automatic language identification using Long Short-Term Memory recurrent neural networks},
  author={Gonzalez-Dominguez, Javier and Lopez-Moreno, Ignacio and Sak, Hasim and Gonzalez-Rodriguez, Joaquin and Moreno, Pedro J},
  booktitle={Proc. Interspeech},
  year={2014}
}

@inproceedings{graves2013speech,
  title={Speech recognition with deep recurrent neural networks},
  author={Graves, Alex and Mohamed, Abdel-rahman and Hinton, Geoffrey},
  booktitle={Acoustics, Speech and Signal Processing (ICASSP), 2013 IEEE International Conference on},
  pages={6645--6649},
  year={2013},
  organization={IEEE}
}

@article{li2014constructing,
  title={Constructing Long Short-Term Memory based Deep Recurrent Neural Networks for Large Vocabulary Speech Recognition},
  author={Li, Xiangang and Wu, Xihong},
  journal={arXiv preprint arXiv:1410.4281},
  year={2014}
}

@inproceedings{sak2014long,
  title={Long short-term memory recurrent neural network architectures for large scale acoustic modeling},
  author={Sak, Hasim and Senior, Andrew and Beaufays, Fran{\c{c}}oise},
booktitle={Proc. Interspeech},
  year={2014}
}

@article{sak2014long2,
  title={Long Short-Term Memory Based Recurrent Neural Network Architectures for Large Vocabulary Speech Recognition},
  author={Sak, Ha{\c{s}}im and Senior, Andrew and Beaufays, Fran{\c{c}}oise},
  journal={arXiv preprint arXiv:1402.1128},
  year={2014}
}

@article{maas2014first,
  title={First-Pass Large Vocabulary Continuous Speech Recognition using Bi-Directional Recurrent DNNs},
  author={Maas, Andrew L and Hannun, Awni Y and Jurafsky, Daniel and Ng, Andrew Y},
  journal={arXiv preprint arXiv:1408.2873},
  year={2014}
}

@INPROCEEDINGS{schmidt2014large,
author={Schmidt, L. and Sharifi, M. and Lopez Moreno, I.},
booktitle={Acoustics, Speech and Signal Processing (ICASSP), 2014 IEEE International Conference on},
title={Large-scale speaker identification},
year={2014},
month={May},
pages={1650-1654},
keywords={search problems;speaker recognition;vectors;YouTube;cosine distance;fast nearest neighbor search;i-vector-based system;identification accuracy;large-scale speaker identification;linear search;locality sensitive hashing;realistic data set;speech processing;Accuracy;Acoustics;Speech;Speech processing;Vectors;Videos;YouTube;i-vectors;indexing;kd-tree;locality sensitive hashing;speaker identification},
doi={10.1109/ICASSP.2014.6853878},}

@inproceedings{senior2014improving,
  title={Improving DNN speaker independence with i-vector inputs},
  author={Senior, Andrew and Lopez-Moreno, Ignacio},
  booktitle={Proc. ICASSP},
  year={2014}
}

@inproceedings{andoni2006efficient,
  title={Efficient algorithms for substring near neighbor problem},
  author={Andoni, Alexandr and Indyk, Piotr},
  booktitle={Proceedings of the seventeenth annual ACM-SIAM symposium on Discrete algorithm},
  pages={1203--1212},
  year={2006},
  organization={ACM}
}
